<?xml version="1.0" encoding="UTF-8"?><collection xmlns="http://www.loc.gov/MARC21/slim"><record><leader>00281nam--2200109-i-4500</leader><controlfield tag="001">000037770</controlfield><controlfield tag="002">20161230</controlfield><controlfield tag="005">20161230201041</controlfield><controlfield tag="008">060222s1000------------r-----000-0-eng-d</controlfield><datafield ind1=" " ind2=" " tag="245"><subfield code="a">Symposia on theoretical physics</subfield></datafield><datafield ind1=" " ind2=" " tag="260"><subfield code="a">New York, Plenum Press, 1966,</subfield></datafield><datafield ind1=" " ind2=" " tag="700"><subfield code="a">Ramakrishanan, Alladi</subfield></datafield></record></collection>